<?xml version='1.0' encoding='utf-8'?>
<record xmlns="http://www.loc.gov/MARC21/slim" xmlns:xsi="http://www.w3.org/2001/XMLSchema-instance">
  <leader>00000cas^a2200325^a^4500</leader>
  <controlfield tag="001">009257185</controlfield>
  <controlfield tag="005">20101217131211.0</controlfield>
  <controlfield tag="008">970108d18721878miuwr^n^^^^^^^0^^^^0eng^d</controlfield>
  <datafield tag="010" ind1=" " ind2=" ">
    <subfield code="a">sn 96077476</subfield>
  </datafield>
  <datafield tag="035" ind1=" " ind2=" ">
    <subfield code="a">(OCoLC)36171875</subfield>
  </datafield>
  <datafield tag="035" ind1=" " ind2=" ">
    <subfield code="a">(OCoLC)ocm36171875</subfield>
  </datafield>
  <datafield tag="040" ind1=" " ind2=" ">
    <subfield code="a">MHN</subfield>
    <subfield code="c">MHN</subfield>
    <subfield code="d">OCL</subfield>
    <subfield code="d">OCLCQ</subfield>
    <subfield code="d">MiU-H</subfield>
  </datafield>
  <datafield tag="042" ind1=" " ind2=" ">
    <subfield code="a">lcd</subfield>
  </datafield>
  <datafield tag="130" ind1="0" ind2=" ">
    <subfield code="a">Port Huron times (Port Huron, Mich. : 1872)</subfield>
  </datafield>
  <datafield tag="245" ind1="0" ind2="0">
    <subfield code="a">Port Huron times.</subfield>
  </datafield>
  <datafield tag="246" ind1="1" ind2="3">
    <subfield code="a">Weekly times</subfield>
  </datafield>
  <datafield tag="260" ind1=" " ind2=" ">
    <subfield code="a">Port Huron, Mich. :</subfield>
    <subfield code="b">Port Huron Times Co.</subfield>
  </datafield>
  <datafield tag="300" ind1=" " ind2=" ">
    <subfield code="a">v.</subfield>
  </datafield>
  <datafield tag="310" ind1=" " ind2=" ">
    <subfield code="a">Weekly</subfield>
  </datafield>
  <datafield tag="362" ind1="0" ind2=" ">
    <subfield code="a">Vol. 3, no. 47 (May 9, 1872)-v. 10, no. 39 (Mar. 28, 1878) = whole no. 148-whole no. 458.</subfield>
  </datafield>
  <datafield tag="580" ind1=" " ind2=" ">
    <subfield code="a">Daily ed.: Port Huron daily times.</subfield>
  </datafield>
  <datafield tag="651" ind1=" " ind2="0">
    <subfield code="a">Port Huron (Mich.)</subfield>
    <subfield code="v">Newspapers.</subfield>
  </datafield>
  <datafield tag="651" ind1=" " ind2="0">
    <subfield code="a">Saint Clair County (Mich.)</subfield>
    <subfield code="v">Newspapers.</subfield>
  </datafield>
  <datafield tag="690" ind1=" " ind2="4">
    <subfield code="a">Newspapers</subfield>
    <subfield code="y">1871-1880</subfield>
    <subfield code="z">Michigan</subfield>
    <subfield code="z">Port Huron.</subfield>
  </datafield>
  <datafield tag="752" ind1=" " ind2=" ">
    <subfield code="a">United States</subfield>
    <subfield code="b">Michigan</subfield>
    <subfield code="c">Saint Clair</subfield>
    <subfield code="d">Port Huron.</subfield>
  </datafield>
  <datafield tag="775" ind1="1" ind2=" ">
    <subfield code="t">Port Huron daily times</subfield>
    <subfield code="w">(DLC)sn 85033798</subfield>
    <subfield code="w">(OCoLC)12267844</subfield>
  </datafield>
  <datafield tag="780" ind1="0" ind2="0">
    <subfield code="t">Port Huron weekly times (Port Huron, Mich. : 1869)</subfield>
    <subfield code="w">(DLC)sn 96077475</subfield>
    <subfield code="w">(OCoLC)36172241</subfield>
  </datafield>
  <datafield tag="785" ind1="0" ind2="0">
    <subfield code="t">Port Huron weekly times (Port Huron, Mich. : 1878)</subfield>
    <subfield code="w">(DLC)sn 85038673</subfield>
    <subfield code="w">(OCoLC)12881733</subfield>
  </datafield>
  <datafield tag="852" ind1="8" ind2=" ">
    <subfield code="a">MiU-H</subfield>
    <subfield code="b">BENT</subfield>
    <subfield code="h">2010219 Aa 2</subfield>
  </datafield>
  <datafield tag="997" ind1=" " ind2=" ">
    <subfield code="a">MARS</subfield>
  </datafield>
  <datafield tag="SID" ind1=" " ind2=" ">
    <subfield code="a">Z39</subfield>
    <subfield code="b">OCLC_BIB</subfield>
  </datafield>
  <datafield tag="955" ind1=" " ind2=" ">
    <subfield code="b">BENT</subfield>
    <subfield code="p">B4476846</subfield>
    <subfield code="z">1872, 1874-1875</subfield>
  </datafield>
</record>
